@book{sulimierski,
    author = "{Sulimierski F.} and {Chlebowski B.} and {Walewski W.}",
    title  = "Słownik geograficzny Królestwa Polskiego i~innych krajów 
    słowiańskich",
    publisher = "Kasa im. Józefa Mianowskiego",
    address = "Warszawa, Polska",
    year = 1902,
}

@book{wolinski,
    author = "{Woliński M.}",
    title  = "Herbarz szlachty Ziemi Łukowskiej na Lubelszczyźnie. Tom III",
    publisher = "CKH Wydawnictwo",
    address = "Szczecin, Polska",
    year = 2017,
}

@article{ih_pan,
    author = "{Instytut Historii im. Tadeusza Manteuffla Polskiej Akademii 
    Nauk} and {Pracownia Geoinformacji Historycznej Katolickiego Uniwersytetu
     Lubelskiego}",
    title = "Corona Regni Poloniae. Ziemie polskie Korony w~drugiej połwie 
    XVI~w.",
    journal = "Atlas Historyczny Polski: Mapy szczegółowe XVI~w.",
    volume  = "1",
    publisher = "Instytut Historii PAN im. Tadeusza Manteuffla",
    address = "Warszawa, Polska",
    year = 2014,
}

@unpublished{aboczek,
    author    = "{Boczek A.}",
    title     =  "Dziewule 1441-1933",
     note   = "Dostęp zdalny (2024-12-29): 
     \url{http://www.dziewule.pl/index.html}",
    year   = 2010
}

@book{skuras,
    author = "{Kuraś S.} and {Sułkowska-Kuraś I.}",
    title  = "Zbiór dokumentów małopolskich. Część VIII. Dokumenty z~lat 
    1435-1450",
    publisher = "Zakład Narodowy im. Ossolińskich - Wydaw. 
    Polskiej Akademii Nauk",
    address = "Wrocław, Polska",
    year = 1975,
}

@book{eszeliga,
 author = "{Żernicki-Szeliga E.}",
  title = "{Der polnische Klein-Adel im 16. Jahrhundert nebst einem Nachtrage 
  zu "Der polnische Adel und die demselben hinzugetretenen andersländischen 
  Adelsfamilien" und dem Verzeichnis der in den Jahren 1260-1400 in das 
  Ermland eingewanderten Stammpreussen}",
 address = "Hamburg, Niemcy",
 publisher = "Verlag von Henri Grand",
 year = 1907,
}

@book{apawinski,
 author = "{Pawiński A.}",
 title = "Małopolska. T.~1",
 publisher = "Księgarnia Gebethnera i~Wolffa",
 address = "Warszawa, Polska",
 year = 1886,
}

@book{agad1,
 author = "{Archiwum Skarbu Koronnego. ASK~I - Rejestry Podatkowe. 
 Sygnatura 72}",
 title = "Rejestry pogłównego generalnego z~różnych województw. 1662-1676",
 publisher = "Archiwum Główne Akt Dawnych",
 address = "Warszawa, Polska",
 year = 2016,
}

@book{floyko,
 author = "{Łoyko F.}",
 title = "Skarb, T.1, Regestr pogłównego prowincyi małopolskiey 1676",
 publisher = "Muzeum Narodowe w~Krakowie, Biblioteka Książąt Czartoryskich",
 address = "Kraków, Polska",
 year = "1779",
}

@book{aboniecki,
 author = "{Boniecki A.}",
 title = "Herbarz polski. Cz.~1, Wiadomości historyczno-genealogiczne 
 o~rodach szlacheckich. T.5",
 publisher = "Gebethner i Wolff",
 address = "Warszawa, Polska",
 year = "1902",
}

@unpublished{kpawlak,
    author    = "{Pawlak K.}",
    title     =  "Historia dworu w~Dziewulach",
     note   = "Dostęp zdalny (2024-12-29): 
     \url{http://dziewule.pl/dwor_kpawlak.html}",
    year   = 2010
}

@book{jlubomirski,
 author = "{Lubomirski, J. T.}",
 title = "Księga Ziemi Czerskiej 1404-1425 poprzedzona wstępem historycznym",
 publisher = "J. Berger",
 address = "Warszawa, Polska",
 year = "1879",
}

@book{lzugaj,
 author = "{Zugaj, L.}",
 title = "Małe ojczyzny. Historia gminy Kołbiel",
 publisher = "Towarzystwo Przyjaciół Ziemi Kołbielskiej",
 address = "Kołbiel, Polska",
 year = "2006",
}

@unpublished{dzagorski,
    author    = "{Zagórski, D.}",
    title     =  "Dom wdów. O~dworku w~Rudzienku i~jego mieszkańcach",
     note   = "Dostęp zdalny (2024-12-29): 
     \url{http://kolbiel.eu/historie/003/index.html}",
    year   = 2020
}

@book{jlubomirski2,
 author = "{Lubomirski, J. T.}",
 title = "Kodeks dyplomatyczny Księstwa Mazowieckiego, obejmujący bulle 
 papieżów, przywileje królów polskich i książąt mazowieckich, tudzież nadania 
 tak korporacyj jako i osób prywatnych",
 publisher = "Gazeta Polska",
 address = "Warszawa, Polska",
 year = "1863",
}

@book{agad2,
 author = "{Archiwum Skarbu Koronnego. Inwentarz oddziału PL, 1/7/3 (ASK 
 Oddział XLVI). Sygnatura 148}",
 title = "Lustracya starostwa osieckiego (k. 416 - 435)",
 publisher = "Archiwum Główne Akt Dawnych",
 address = "Warszawa, Polska",
 year = 2016,
}

@book{klos,
 author = "{Kłos, L. M.}",
 title = "Tradycja Mazowsza. Powiat miński. Przewodnik subiektywny",
 publisher = "Agencja Wydawnicza Egros",
 address = "Warszawa, Polska",
 year = 2011,
}

@book{palucki,
 author = "{Pałucki, Władysław}",
 title = "Mazowsze w drugiej połowie XVI wieku; Cz.1, Mapa, plany",
 publisher = "Państwowe Wydawnictwo Naukowe",
 address = "Warszawa, Polska",
 year = 1973,
}

@unpublished{par_zbuczyn1,
    author    = "{Parafia rzymskokatolicka pod wezwaniem św. Stanisława 
Biskupa Męczennika i~Aniołów Stróżów w~Zbuczynie}",
    title     =  "Akta urodzonych od roku 1701 do 1714 (62/241/0/1/151)",
     note   = "Dostęp zdalny (2024-12-29): 
     \url{https://www.szukajwarchiwach.gov.pl/en/jednostka/-/jednostka/6080333}",
    year   = 2015
}

@unpublished{par_zbuczyn2,
    author    = "{Parafia rzymskokatolicka pod wezwaniem św. Stanisława 
Biskupa Męczennika i~Aniołów Stróżów w~Zbuczynie}",
    title     =  "Akta urodzonych od roku 1714 do 1729 (62/241/0/1/152)",
     note   = "Dostęp zdalny (2024-12-29): 
     \url{https://www.szukajwarchiwach.gov.pl/en/jednostka/-/jednostka/6080334}",
    year   = 2015
}

@unpublished{par_zbuczyn3,
    author    = "{Parafia rzymskokatolicka pod wezwaniem św. Stanisława 
Biskupa Męczennika i~Aniołów Stróżów w~Zbuczynie}",
    title     =  "Akta urodzonych od roku 1729 do 1749 parafii zbuczyńskiej 
    (62/241/0/1/153)",
     note   = "Dostęp zdalny (2024-12-29): 
     \url{https://www.szukajwarchiwach.gov.pl/en/jednostka/-/jednostka/6080335}",
    year   = 2015
}

@unpublished{par_zbuczyn4,
    author    = "{Parafia rzymskokatolicka pod wezwaniem św. Stanisława 
Biskupa Męczennika i~Aniołów Stróżów w~Zbuczynie}",
    title     =  "Akta urodzonych od roku 1765 do 1772 w parafii Zbuczyn 
    (62/241/0/1/154)",
     note   = "Dostęp zdalny (2024-12-29): 
     \url{https://www.szukajwarchiwach.gov.pl/en/jednostka/-/jednostka/6080336}",
    year   = 2015
}

@unpublished{par_zbuczyn5,
    author    = "{Parafia rzymskokatolicka pod wezwaniem św. Stanisława 
Biskupa Męczennika i~Aniołów Stróżów w~Zbuczynie}",
    title     =  "Akta urodzenia od roku 1773 do 1781 w parafii Zbuczyn 
    (62/241/0/1/155)",
     note   = "Dostęp zdalny (2024-12-29): 
     \url{https://www.szukajwarchiwach.gov.pl/en/jednostka/-/jednostka/6080337}",
    year   = 2015
}

@unpublished{par_wilczyska1,
    author    = "{Parafia rzymskokatolicka pod wezwaniem Niepokalanego Serca 
    Najświętszej Maryi Panny w~Wilczyskach}",
    title     =  "Akta stanu cywilnego Parafii Rzymskokatolickiej 
    w~Wilczyskach z~lat 1810-1868 (35/1954/0)",
     note   = "Dostęp zdalny (2024-12-29): 
     \url{https://www.szukajwarchiwach.gov.pl/en/zespol/-/zespol/4383}",
    year   = 2015
}

@unpublished{par_kolbiel1,
    author    = "{Parafia rzymskokatolicka pod wezwaniem Świętej Trójcy 
    w~Kołbieli}",
    title     =  "Akta stanu cywilnego gminy Kołbiel powiat Mińsk Mazowiecki 
    z~lat 1810-1825 (62/585/0)",
     note   = "Dostęp zdalny (2024-12-29): 
     \url{https://www.szukajwarchiwach.gov.pl/en/zespol/-/zespol/56757}",
    year   = 2015
}

@unpublished{par_kolbiel2,
    author    = "{Parafia rzymskokatolicka pod wezwaniem Świętej Trójcy 
    w~Kołbieli}",
    title     =  "Akta stanu cywilnego parafii rzymskokatolickiej w Kołbieli 
    powiat Mińsk Mazowiecki z~lat 1826 - 1914 (62/457/0)",
     note   = "Dostęp zdalny (2024-12-29): 
     \url{https://www.szukajwarchiwach.gov.pl/en/zespol/-/zespol/56631}",
    year   = 2015
}

@unpublished{par_minsk1,
    author    = "{Parafia rzymskokatolicka pod wezwaniem Narodzenia 
    Najświętszej Maryi Panny w Mińsku Mazowieckim}",
    title     =  "Akta stanu cywilnego gminy Mińsk Mazowiecki z lat 1810 - 
    1825 (62/613/0)",
     note   = "Dostęp zdalny (2024-12-29): 
     \url{https://www.szukajwarchiwach.gov.pl/en/zespol/-/zespol/56785}",
    year   = 2015
}

@unpublished{par_minsk2,
    author    = "{Parafia rzymskokatolicka pod wezwaniem Narodzenia 
    Najświętszej Maryi Panny w Mińsku Mazowieckim}",
    title     =  "Akta stanu cywilnego parafii rzymskokatolickiej w~Mińsku 
    Mazowieckim z~lat 1826-1920 (62/231/0)",
     note   = "Dostęp zdalny (2024-12-29): 
     \url{https://www.szukajwarchiwach.gov.pl/en/zespol/-/zespol/56408}",
    year   = 2015
}

@unpublished{par_siennica,
    author    = "{Parafia rzymskokatolicka pod wezwaniem św. Stanisława 
    Biskupa i~Męczennika w~Siennicy}",
    title     =  "Akta stanu cywilnego parafii rzymskokatolickiej w~Siennicy 
    powiat Mińsk Mazowiecki z~lat 1826-1922 (62/208/0)",
     note   = "Dostęp zdalny (2024-12-29): 
     \url{https://www.szukajwarchiwach.gov.pl/en/zespol/-/zespol/56386}",
    year   = 2015
}

@unpublished{par_pecice,
    author    = "{Parafia rzymskokatolicka pod wezwaniem Świętych Apostołów 
    Piotra i~Pawła w~Pęcicach}",
    title     =  "Akta stanu cywilnego parafii rzymskokatolickiej Pęcice, 
    zespół: 0221d, jednostka: 1909 / UMZ-1909, Katalog: Małżeństwa,
    Lata: 1909",
     note   = "Dostęp zdalny (2024-12-29): 
     \url{https://metryki.genealodzy.pl/id578-sy1909-kt2}",
    year   = 2015
}